<?xml version="1.0" encoding="UTF-8"?><collection xmlns="http://www.loc.gov/MARC21/slim"><record><leader>00527nam--2200193-i-4500</leader><controlfield tag="001">000040578</controlfield><controlfield tag="002">20161230</controlfield><controlfield tag="005">20161230201042</controlfield><controlfield tag="008">060222s1000------------r-----000-0-eng-d</controlfield><datafield ind1=" " ind2=" " tag="040"><subfield code="a">IFIN-HH</subfield></datafield><datafield ind1=" " ind2=" " tag="080"><subfield code="a">538.56</subfield></datafield><datafield ind1="1" ind2=" " tag="100"><subfield code="a">Schelkunoff, S.A</subfield></datafield><datafield ind1="1" ind2="0" tag="245"><subfield code="a">Electromagnetic waves</subfield><subfield code="c">S.a. schelkunoff</subfield></datafield><datafield ind1=" " ind2=" " tag="250"><subfield code="a">Eighth Printing</subfield></datafield><datafield ind1=" " ind2=" " tag="260"><subfield code="a">New Jersey</subfield><subfield code="b">Van Nostrand Company, Inc</subfield><subfield code="c">1956</subfield></datafield><datafield ind1=" " ind2=" " tag="300"><subfield code="a">XV + 530P</subfield></datafield><datafield ind1=" " ind2=" " tag="490"><subfield code="a">The Bell Telephone Laboratories Series</subfield></datafield><datafield ind1=" " ind2=" " tag="852"><subfield code="a">11788</subfield><subfield code="c">537:538</subfield></datafield><datafield ind1=" " ind2=" " tag="CAT"><subfield code="a">Sys</subfield><subfield code="c">20110608</subfield><subfield code="h">140813</subfield></datafield></record></collection>